<record><leader>00000cas a2200000 a 4500</leader><controlfield tag="001">38932478</controlfield><controlfield tag="008">980410d1uuu1985miuwr n       0    0eng c</controlfield><datafield ind1=" " ind2=" " tag="010"><subfield code="a">sn 98066025 </subfield></datafield><datafield ind1=" " ind2=" " tag="040"><subfield code="a">MHN</subfield><subfield code="b">eng</subfield><subfield code="c">MHN</subfield><subfield code="d">OCL</subfield><subfield code="d">OCLCQ</subfield><subfield code="d">MHN</subfield><subfield code="d">OCLCQ</subfield><subfield code="d">OCLCO</subfield></datafield><datafield ind1="1" ind2=" " tag="029"><subfield code="a">AU@</subfield><subfield code="b">000013904063</subfield></datafield><datafield ind1=" " ind2=" " tag="042"><subfield code="a">pcc</subfield></datafield><datafield ind1=" " ind2=" " tag="043"><subfield code="a">n-us-mi</subfield></datafield><datafield ind1="0" ind2=" " tag="130"><subfield code="a">Bellevue gazette (Bellevue, Mich.)</subfield></datafield><datafield ind1="1" ind2="0" tag="245"><subfield code="a">Bellevue gazette.</subfield></datafield><datafield ind1=" " ind2=" " tag="260"><subfield code="a">Bellevue, Mich. :</subfield><subfield code="b">George A. Barnes</subfield></datafield><datafield ind1=" " ind2=" " tag="300"><subfield code="a">v.</subfield></datafield><datafield ind1=" " ind2=" " tag="310"><subfield code="a">Weekly</subfield></datafield><datafield ind1="0" ind2=" " tag="362"><subfield code="a">-v. 113, no. 39 (Sept. 25, 1985).</subfield></datafield><datafield ind1=" " ind2=" " tag="588"><subfield code="a">Description based on: 39th yr., no. 4 (June 18, 1908).</subfield></datafield><datafield ind1=" " ind2="0" tag="651"><subfield code="a">Bellevue (Mich.)</subfield><subfield code="v">Newspapers.</subfield></datafield><datafield ind1=" " ind2="0" tag="651"><subfield code="a">Eaton County (Mich.)</subfield><subfield code="v">Newspapers.</subfield></datafield><datafield ind1=" " ind2=" " tag="752"><subfield code="a">United States</subfield><subfield code="b">Michigan</subfield><subfield code="c">Eaton</subfield><subfield code="d">Bellevue.</subfield></datafield><datafield ind1="0" ind2="0" tag="780"><subfield code="t">Bellevue weekly gazette</subfield><subfield code="w">(DLC)sn 85033569</subfield><subfield code="w">(OCoLC)12062289</subfield></datafield></record>